@article{CajaCostarricensedelSeguroSocial2013,
author = {{Caja Costarricense del Seguro Social}},
file = {:C$\backslash$:/Users/Pablo Vivas/Desktop/Proyecto-4/Bibliograf{\'{i}}a/Dengue CCSS.pdf:pdf},
pages = {1--61},
title = {{Gu{\'{i}}a para la Organizaci{\'{o}}n de la Atenci{\'{o}}n y Manejo de los Pacientes con Dengue y Dengue Grave}},
year = {2013}
}

